@book{Stallings,
    title = {Foundations of Modern Networking: SDN, NFV, QoE, IoT, and Cloud},
    author = {William Stallings},
    isbn = {9780134176024},
    year = {2016},
    publisher = {Addison-Wesley Professional}
}

@techreport{ONF,
  title       = "Software-Defined Networking: The New Norm for Networks",
  institution = "Open Networking Foundation",
  year        = "2012",
  type        = "White Paper",
  number      = "",
  month       = "April",
}

@book{Kurose,
    title = {Computer Networking: A Top-Down Approach, 8th Edition},
    author = {James Kurose and Keith Ross},
    isbn = {9780135928523},
    year = {2020},
    publisher = {Pearson Publishing}
}

@book{Nadeau,
  author         = {Thomas D. Nadeau and Ken Gray},
  editor         = {},
  title          = {SDN: Software Defined Networks},
  isbn           = {9781449342302},
  publisher      = {O'Reilly Media, Inc.},
  year           = {2013}
}

@misc{Daylight,
  title        = {{OpenDaylight}},
  howpublished = {\url{https://www.opendaylight.org}},
  note         = "[Online; accessed 04-December-2020]"
}